
@Misc{Lynn2020,
  author      = {Taran Lynn and Dipak Ghosal and Nathan Hanford},
  title       = {Model Predictive Congestion Control for TCP Endpoints},
  date        = {2020},
  eprint      = {2002.09825},
  eprintclass = {cs.NI},
  eprinttype  = {arXiv},
  groups      = {Congestion Control, Computer Networking, Ghosal Group},
}


@misc{TCPD,
  doi = {10.48550/ARXIV.2012.14996},
  url = {https://arxiv.org/abs/2012.14996},
  author = {Lynn, Taran and Ghosal, Dipak},
  keywords = {Networking and Internet Architecture (cs.NI), FOS: Computer and information sciences, FOS: Computer and information sciences},
  title = {TCP D*: A Low Latency First Congestion Control Algorithm},
  publisher = {arXiv},
  year = {2020},
  copyright = {Creative Commons Attribution Non Commercial No Derivatives 4.0 International}
}